%% This BibTeX bibliography file was created using BibDesk.
%% http://bibdesk.sourceforge.net/


%% Created for PABLO OSORIO at 2017-11-08 15:10:08 +0100 


%% Saved with string encoding Unicode (UTF-8) 



@article{wu_chun,
	Author = {Wu-chun Feng},
	Date-Added = {2017-11-08 14:09:08 +0000},
	Date-Modified = {2017-11-08 14:10:01 +0000},
	Journal = {CTWatch Quarterly},
	Month = {August},
	Number = {3},
	Title = {The Importance of Being Low Power in High Performance Computing},
	Volume = {1},
	Year = {2005}}

@manual{multi_altera,
	Address = {101 Innovation Drive, San Jose, CA},
	Author = {Altera},
	Date-Added = {2017-11-03 17:19:39 +0000},
	Date-Modified = {2017-11-03 17:20:16 +0000},
	Edition = {11},
	Month = {June},
	Organization = {Intel},
	Title = {Creating Multiprocessor Nios II Systems},
	Year = {2011}}

@manual{nios_soft,
	Author = {Altera},
	Date-Added = {2017-11-03 17:18:03 +0000},
	Date-Modified = {2017-11-03 17:19:02 +0000},
	Edition = {17},
	Month = {May},
	Organization = {Intel},
	Title = {Nios II Gen2 Software Developer's Handbook},
	Year = {2017}}

@manual{avalon_mem,
	Address = {101 Innovation Drive, San Jose, CA},
	Author = {Altera},
	Date-Added = {2017-11-03 10:48:13 +0000},
	Date-Modified = {2017-11-03 10:49:33 +0000},
	Edition = {13},
	Month = {August},
	Organization = {Altera},
	Title = {Avalon Interface Specifications},
	Year = {2010}}

@inproceedings{jacob,
	Author = {Philip Jacob, Aamir Zia, Okan Erdogan, Paul M. Belemjian, Jin-Woo Kim, Michael Chu, Russell P. Kraft, John F. McDonald, Kerry Bernstein},
	Booktitle = {Proceedings of the IEEE},
	Date-Added = {2017-11-02 18:29:05 +0000},
	Date-Modified = {2017-11-02 18:31:33 +0000},
	Publisher = {IEEE},
	Title = {Mitigating Memory Wall Effects in High-Clock-Rate and Multicore CMOS 3-D Processor Memory Stacks},
	Volume = {97},
	Year = {2009}}

@inproceedings{dreslinski,
	Author = {Ronald G. Dreslinski, Michael Wieckowski, David Blaauw, Dennis Sylvester, Trevor Mudge},
	Booktitle = {IEEE},
	Date-Added = {2017-11-02 18:23:28 +0000},
	Date-Modified = {2017-11-02 18:25:21 +0000},
	Month = {February},
	Number = {2},
	Title = {Near-Threshold Computing: Reclaiming Moore's Law Through Energy Efficient Integrated Circuits},
	Volume = {98},
	Year = {2010}}

@article{thompson,
	Author = {Scott E. Thompson and Srivatsan Parthasarathy},
	Date-Added = {2017-11-02 18:19:56 +0000},
	Date-Modified = {2017-11-02 18:21:18 +0000},
	Journal = {materialstoday},
	Month = {June},
	Number = {6},
	Pages = {20-25},
	Title = {Moore's law: the future of Si microelectronics},
	Volume = {9},
	Year = {2006}}

@conference{moreau2,
	Address = {Burlingame, CA, USA},
	Author = {Thierry Moreau, Mark Wyse, Jacob Nelson, Adrian Sampson, Hadi Esmaeilzadeh, Luis Ceze, Mark Oskin},
	Booktitle = {IEEE 21st International Symposium on High Performance Computer Architecture (HPCA),},
	Date-Added = {2017-11-02 18:06:03 +0000},
	Date-Modified = {2017-11-02 18:12:28 +0000},
	Month = {February},
	Publisher = {IEEE},
	Title = {SNNAP: Approximate computing on programmable SoCs via neural acceleration},
	Year = {2015}}

@inproceedings{hadi,
	Address = {New York, USA},
	Author = {Hadi Esmaeilzadeh, Adrian Sampson, Luis Ceze, Doug Burger},
	Booktitle = {ASPLOS XVII Proceedings of the seventeenth international conference on Architectural Support for Programming Languages and Operating Systems},
	Date-Added = {2017-11-02 18:02:01 +0000},
	Date-Modified = {2017-11-02 18:04:13 +0000},
	Month = {March},
	Organization = {ACM},
	Pages = {301-312},
	Publisher = {ACM},
	Title = {Architecture Support for Disciplined Approximate Programming},
	Year = {2012}}

@inproceedings{moreau,
	Author = {Thierry Moreau, Adrian Sampson, Andre Baixo, Mark Wyse, Ben Ransford, Jacob Nelson, Luis Ceze, Mark Oskin},
	Booktitle = {TECHCON},
	Date-Added = {2017-11-02 17:57:07 +0000},
	Date-Modified = {2017-11-02 18:09:47 +0000},
	Title = {Compilation and Hardware Support for Approximate Acceleration},
	Year = {2015}}

@inproceedings{mahajan,
	Author = {D Mahajan, A Yazdanbakhsh, J Park, B Thwaites, H Esmaeilzadeh},
	Booktitle = {Second Workshop on Approximate Computing Across the System Stack (WACAS)},
	Date-Added = {2017-11-02 17:41:56 +0000},
	Date-Modified = {2017-11-02 17:54:22 +0000},
	Title = {Prediction-based quality control for approximate accelerators},
	Year = {2015}}

@inproceedings{shafique,
	Address = {Austin, TX, USA},
	Author = {Muhammad Shafique, Rehan Hafiz, Semeen Rehman, Walaa El-Harouni, J{\"o}rg Henkel},
	Booktitle = {Design Automation Conference (DAC), 53nd ACM/EDAC/IEEE},
	Date-Added = {2017-11-02 17:36:23 +0000},
	Date-Modified = {2017-11-02 17:39:28 +0000},
	Organization = {IEEE},
	Publisher = {IEEE},
	Title = {Cross-Layer Approximate Computing: From Logic to Architectures},
	Year = {2016}}

@inproceedings{sampson,
	Address = {Dagstuhl, Germany},
	Author = {Adrian Sampson and James Bornholt and Luis Ceze},
	Booktitle = {1st Summit on Advances in Programming Languages (SNAPL 2015)},
	Date-Added = {2017-11-02 17:31:39 +0000},
	Date-Modified = {2017-11-02 17:35:08 +0000},
	Editor = {Thomas Ball and Rastislav Bodik and Shriram Krishnamurthi and Benjamin S. Lerner and Greg Morrisett},
	Pages = {262-273},
	Publisher = {Schloss Dagstuhl--Leibniz-Zentrum fuer Informatik},
	Title = {Hardware--Software Co-Design: Not Just a Clich{\'e}},
	Volume = {32},
	Year = {2015}}

@article{mazahir,
	Author = {Sana Mazahir, Osman Hasan, Rehan Hafiz, Muhammad Shafique, J{\"o}rg Henkel},
	Date-Added = {2017-11-02 17:27:45 +0000},
	Date-Modified = {2017-11-02 17:29:07 +0000},
	Journal = {Design Automation Conference (DAC), 2016 53nd ACM/EDAC/IEEE},
	Title = {An Area-Efficient Consolidated Configurable Error Correction for Approximate Hardware Accelerators},
	Year = {2016}}

@article{abid,
	Author = {Mouna Baklouti, Mohamed Abid},
	Date-Added = {2017-11-02 17:25:44 +0000},
	Date-Modified = {2017-11-02 17:26:39 +0000},
	Journal = {International Journal of Reconfigurable Computing},
	Title = {Multi-Softcore Architecture on FPGA},
	Year = {2014}}

@article{granger,
	Author = {Eric Granger, Serge Catudal, Robert Grou, Mame Maria Mbaye, Yvon Savaria},
	Date-Added = {2017-11-02 17:22:39 +0000},
	Date-Modified = {2017-11-02 17:25:07 +0000},
	Title = {On Current Strategies for Hardware Acceleration ofDigital Image Restoration Filters},
	Year = {2004}}

@conference{augonnet,
	Address = {Shanghai, China},
	Author = {C{\'e}dric Augonnet, Jerome Clet-Ortega, Samuel Thibault, Raymond Namyst},
	Booktitle = {Parallel and Distributed Systems (ICPADS), IEEE 16th International Conference on},
	Date-Added = {2017-11-02 17:20:19 +0000},
	Date-Modified = {2017-11-02 18:00:23 +0000},
	Series = {IEEE},
	Title = {Data-Aware Task Scheduling on Multi-accelerator Based Platforms},
	Year = {2010}}

@article{dutta,
	Author = {Hritam Dutta, Frank Hannig, J{\"u}rgen Teich, Benno Heigl, Heinz Hornegger},
	Date-Added = {2017-11-02 17:14:16 +0000},
	Date-Modified = {2017-11-02 17:15:44 +0000},
	Journal = {Application-specific Systems, Architectures and Processors (ASAP'06) IEEE},
	Title = {A Design Methodology for Hardware Acceleration of Adaptive Filter Algorithms in Image Processing},
	Year = {2006}}

@article{singh,
	Author = {Amit Kumar Singh, Muhammad Shafique, Akash Kumar, J{\"o}rg Henkel},
	Date-Added = {2017-11-02 17:11:57 +0000},
	Date-Modified = {2017-11-02 17:13:13 +0000},
	Journal = {Design Automation Conference (DAC),50th ACM/EDAC/IEEE},
	Title = {Mapping on multi/many-core systems: Survey of current and emerging trends},
	Year = {2013}}

@article{cong,
	Author = {Jason Cong, Mohammad Ali Ghodrat, Michael Gill, Beayna Grigorian, Glenn Reinman},
	Date-Added = {2017-11-02 17:09:43 +0000},
	Date-Modified = {2017-11-02 17:10:46 +0000},
	Journal = {DAC '12 Proceedings of the 49th Annual Design Automation Conference},
	Pages = {843-849},
	Title = {Architecture support for accelerator-rich CMPs},
	Year = {2012}}

@article{blokzyl,
	Author = {Stephan Blokzyl, Matthias Vodel, Wolfram Hardt},
	Date-Added = {2017-11-02 17:00:34 +0000},
	Date-Modified = {2017-11-02 17:01:19 +0000},
	Journal = {Deutscher Luft- und Raumfahrtkongress},
	Title = {A HARDWARE-ACCELERATED REAL-TIME IMAGE PROCESSING CONCEPT FOR HIGH-RESOLUTION EO SENSORS},
	Year = {2012}}

@article{zhai,
	Author = {Xiaojun Zhai, Fadi Jaber, Faycal Bensaali, Arti Mishra},
	Date-Added = {2017-11-02 16:57:34 +0000},
	Date-Modified = {2017-11-02 16:59:24 +0000},
	Journal = {17th UKSim-AMSS International Conference on Modelling and Simulation (UKSim)},
	Title = {Hardware Acceleration of an Image Processing System for Dielectrophoretic Loading of Single Neurons Inside Micro-Wells of Microelectrode Arrays},
	Year = {2015}}

@article{weber,
	Author = {Rick Weber, Akila Gothandaraman, Robert J. Hinde, Gregory D. Peterson},
	Date-Added = {2017-11-02 16:54:57 +0000},
	Date-Modified = {2017-11-02 16:56:04 +0000},
	Journal = {IEEE Transactions on Parallel and Distributed Systems},
	Number = {1},
	Pages = {58-68},
	Title = {Comparing Hardware Accelerators in Scientific Applications: A Case Study},
	Volume = {22},
	Year = {2011}}

@article{qiang,
	Author = {Qiang Xu, Todd Mytkowicz, Nam Sung Kim},
	Date-Added = {2017-11-02 16:10:21 +0000},
	Date-Modified = {2017-11-02 16:37:32 +0000},
	Journal = {IEEE Design & Test},
	Number = {1},
	Pages = {8-22},
	Title = {Approximate Computing: A Survey},
	Volume = {33},
	Year = {2015}}

@article{sparsh_mittal,
	Author = {Sparsh Mittal},
	Date-Added = {2017-11-02 16:07:07 +0000},
	Date-Modified = {2017-11-02 16:07:46 +0000},
	Journal = {ACM Computing Surveys (CSUR)},
	Number = {4},
	Title = {A Survey of Techniques for Approximate Computing},
	Volume = {48},
	Year = {2016}}

@article{chippa,
	Author = {Vinay K. Chippa, Srimat T. Chakradhar, Kaushik Roy, Anand Raghunathan},
	Date-Added = {2017-11-02 16:01:57 +0000},
	Date-Modified = {2017-11-02 16:06:21 +0000},
	Journal = {Proceedings of the 50th Annual Design Automation Conference on - DAC},
	Title = {Analysis and characterization of inherent application resilience for approximate computing},
	Year = {2013}}

@article{chip_math,
	Author = {Tom Simonite},
	Date-Added = {2017-11-02 15:55:19 +0000},
	Date-Modified = {2017-11-02 15:56:30 +0000},
	Journal = {MIT Technology Review},
	Title = {Why a Chip That's Bad at Math Can Help Computers Tackle Harder Problems},
	Year = {2016}}

@article{gorder,
	Author = {Pam Frost Gorder},
	Date-Added = {2017-11-02 15:37:19 +0000},
	Date-Modified = {2017-11-02 15:38:09 +0000},
	Journal = {Computing in Science and Engineering},
	Number = {2},
	Pages = {3-7},
	Title = {Multicore Processors for Science and Engineering},
	Volume = {9},
	Year = {2007}}

@article{geer,
	Author = {David Geer},
	Date-Added = {2017-11-02 15:35:49 +0000},
	Date-Modified = {2017-11-02 15:36:43 +0000},
	Journal = {IEEE Computer Society Press},
	Number = {5},
	Pages = {11-13},
	Title = {Industry Trends: Chip Makers Turn to Multicore Processors},
	Volume = {38},
	Year = {2005}}

@article{m_taylor,
	Author = {Michael Taylor},
	Date-Added = {2017-11-02 15:31:12 +0000},
	Date-Modified = {2017-11-02 15:33:11 +0000},
	Journal = {IEEE Micro},
	Number = {5},
	Pages = {8-19},
	Title = {A Landscape of the New Dark Silicon Design Regime},
	Volume = {33},
	Year = {2013}}

@techreport{wulf_mckee,
	Author = {Wm. A. Wulf, Sally A. Mckee},
	Date-Added = {2017-11-02 15:04:56 +0000},
	Date-Modified = {2017-11-02 15:30:32 +0000},
	Institution = {University of Virginia Charlottesville},
	Title = {Hitting the Memory Wall: Implications of the Obvious},
	Year = {1994}}

@webpage{itrs_expec,
	Author = {Sebastian Anthony},
	Date-Added = {2017-11-02 14:54:13 +0000},
	Date-Modified = {2017-11-02 15:04:53 +0000},
	Journal = {Ars Technica UK},
	Lastchecked = {November 02, 2017},
	Month = {July},
	Title = {Transistors will stop shrinking in 2021, but Moore's law will live on},
	Url = {https://arstechnica.co.uk/gadgets/2016/07/itrs-roadmap-2021-moores-law/},
	Year = {2016},
	Bdsk-Url-1 = {https://arstechnica.co.uk/gadgets/2016/07/itrs-roadmap-2021-moores-law/}}

@webpage{intel_10nm,
	Author = {Kaizad Mistry},
	Date-Added = {2017-11-02 14:46:45 +0000},
	Date-Modified = {2017-11-02 14:54:07 +0000},
	Journal = {Technology and Manufacturing Day},
	Lastchecked = {November 02, 2017},
	Title = {10 nm Technology Leadership},
	Url = {https://newsroom.intel.com/newsroom/wp-content/uploads/sites/11/2017/03/Kaizad-Mistry-2017-Manufacturing.pdf},
	Year = {2017},
	Bdsk-Url-1 = {https://newsroom.intel.com/newsroom/wp-content/uploads/sites/11/2017/03/Kaizad-Mistry-2017-Manufacturing.pdf}}

@article{intel_paper,
	Author = {Lauri Minas, Brad Ellison},
	Date-Added = {2017-11-02 13:56:55 +0000},
	Date-Modified = {2017-11-02 13:59:31 +0000},
	Title = {The Problem of Power Consumption in Servers},
	Year = {2009}}

@webpage{data_oil,
	Author = {The Economist},
	Date-Added = {2017-11-02 13:51:29 +0000},
	Date-Modified = {2017-11-02 13:54:02 +0000},
	Journal = {The Economist},
	Lastchecked = {November 02, 2017},
	Month = {May},
	Title = {The world's most valuable resource is no longer oil, but data},
	Url = {https://www.economist.com/news/leaders/21721656-data-economy-demands-new-approach-antitrust-rules-worlds-most-valuable-resource},
	Year = {2017},
	Bdsk-Url-1 = {https://www.economist.com/news/leaders/21721656-data-economy-demands-new-approach-antitrust-rules-worlds-most-valuable-resource}}

@webpage{intel_car,
	Author = {Patrick Nelson},
	Date-Added = {2017-11-02 11:46:07 +0000},
	Date-Modified = {2017-11-02 13:51:20 +0000},
	Journal = {Network World},
	Lastchecked = {November 02, 2017},
	Month = {December},
	Title = {Just one autonomous car will use 4,000 GB of data/day},
	Url = {https://www.networkworld.com/article/3147892/internet/one-autonomous-car-will-use-4000-gb-of-dataday.html},
	Year = {2016},
	Bdsk-Url-1 = {https://www.networkworld.com/article/3147892/internet/one-autonomous-car-will-use-4000-gb-of-dataday.html}}

@book{Gusf97,
	Author = {D.\ Gusfield},
	Publisher = {Cambridge University Press},
	Title = {{Algorithms on Strings, Trees and Sequences}},
	Year = {1997}}

@inproceedings{Jiang15,
	Acmid = {2743760},
	Address = {New York, NY, USA},
	Author = {Jiang, Honglan and Han, Jie and Lombardi, Fabrizio},
	Booktitle = {Proceedings of the 25th Edition on Great Lakes Symposium on VLSI},
	Doi = {10.1145/2742060.2743760},
	Isbn = {978-1-4503-3474-7},
	Keywords = {accuracy, adder, approximate computing, power},
	Location = {Pittsburgh, Pennsylvania, USA},
	Numpages = {6},
	Pages = {343--348},
	Publisher = {ACM},
	Series = {GLSVLSI '15},
	Title = {A Comparative Review and Evaluation of Approximate Adders},
	Url = {http://doi.acm.org/10.1145/2742060.2743760},
	Year = {2015},
	Bdsk-Url-1 = {http://doi.acm.org/10.1145/2742060.2743760},
	Bdsk-Url-2 = {http://dx.doi.org/10.1145/2742060.2743760}}

@article{Liang13,
	Address = {Los Alamitos, CA, USA},
	Author = {Jinghang Liang, and Jie Han, and F. Lombardi,},
	Doi = {doi.ieeecomputersociety.org/10.1109/TC.2012.146},
	Issn = {0018-9340},
	Journal = {IEEE Transactions on Computers},
	Number = {9},
	Pages = {1760-1771},
	Publisher = {IEEE Computer Society},
	Title = {New Metrics for the Reliability of Approximate and Probabilistic Adders},
	Volume = {62},
	Year = {2013},
	Bdsk-Url-1 = {http://dx.doi.org/10.1109/TC.2012.146}}
